@article{mcmurdie2014waste,
  title={Waste not, want not: why rarefying microbiome data is inadmissible},
  author={McMurdie, Paul J and Holmes, Susan},
  journal={PLoS computational biology},
  volume={10},
  number={4},
  pages={e1003531},
  year={2014},
  publisher={Public Library of Science San Francisco, USA}
}
@article{quinn2018understanding,
  title={Understanding sequencing data as compositions: an outlook and review},
  author={Quinn, Thomas P and Erb, Ionas and Richardson, Mark F and Crowley, Tamsyn M},
  journal={Bioinformatics},
  volume={34},
  number={16},
  pages={2870--2878},
  year={2018},
  publisher={Oxford University Press}
}
@article{soneson2013comparison,
  title={A comparison of methods for differential expression analysis of RNA-seq data},
  author={Soneson, Charlotte and Delorenzi, Mauro},
  journal={BMC Bioinformatics},
  volume={14},
  number={1},
  pages={1--18},
  year={2013},
  publisher={BioMed Central}
}
@article{love2014moderated,
  title={Moderated estimation of fold change and dispersion for RNA-seq data with DESeq2},
  author={Love, Michael I and Huber, Wolfgang and Anders, Simon},
  journal={Genome Biology},
  volume={15},
  number={12},
  pages={1--21},
  year={2014},
  publisher={BioMed Central}
}
@article{goh2017batch,
  title={Why batch effects matter in omics data, and how to avoid them},
  author={Goh, Wilson Wen Bin and Wang, Wei and Wong, Limsoon},
  journal={Trends in Biotechnology},
  volume={35},
  number={6},
  pages={498--507},
  year={2017},
  publisher={Elsevier}
}
@article{callahan2016bioconductor,
  title={Bioconductor workflow for microbiome data analysis: from raw reads to community analyses},
  author={Callahan, Ben J and Sankaran, Kris and Fukuyama, Julia A and McMurdie, Paul J and Holmes, Susan P},
  journal={F1000Research},
  volume={5},
  year={2016},
  publisher={Faculty of 1000 Ltd}
}
@article{salter2014reagent,
  title={Reagent and laboratory contamination can critically impact sequence-based microbiome analyses},
  author={Salter, Susannah J and Cox, Michael J and Turek, Elena M and Calus, Szymon T and Cookson, William O and Moffatt, Miriam F and Turner, Paul and Parkhill, Julian and Loman, Nicholas J and Walker, Alan W},
  journal={BMC Biology},
  volume={12},
  number={1},
  pages={1--12},
  year={2014},
  publisher={Springer}
}
@article{callahan2016dada2,
  title={DADA2: high-resolution sample inference from Illumina amplicon data},
  author={Callahan, Benjamin J and McMurdie, Paul J and Rosen, Michael J and Han, Andrew W and Johnson, Amy Jo A and Holmes, Susan P},
  journal={Nature Methods},
  volume={13},
  number={7},
  pages={581--583},
  year={2016},
  publisher={Nature Publishing Group}
}
@article{navas2013advancing,
  title={Advancing our understanding of the human microbiome using QIIME},
  author={Navas-Molina, Jos{\'e} A and Peralta-S{\'a}nchez, Juan M and Gonz{\'a}lez, Antonio and McMurdie, Paul J and V{\'a}zquez-Baeza, Yoshiki and Xu, Zhenjiang and Ursell, Luke K and Lauber, Christian and Zhou, Hongwei and Song, Se Jin},
  journal={Methods in Enzymology},
  volume={531},
  pages={371--444},
  year={2013},
  publisher={Elsevier}
}
@incollection{wells2004generalized,
  title={Generalized accept-reject sampling schemes},
  author={Wells, Martin T and Casella, George and Robert, Christian P},
  booktitle={A Festschrift for Herman Rubin},
  pages={342--347},
  year={2004},
  publisher={Institute of Mathematical Statistics}
}
@article{gilks1992adaptive,
  title={Adaptive rejection sampling for Gibbs sampling},
  author={Gilks, Walter R and Wild, Pascal},
  journal={Journal of the Royal Statistical Society: Series C (Applied Statistics)},
  volume={41},
  number={2},
  pages={337--348},
  year={1992},
  publisher={Wiley Online Library}
}
@article{hastings1970monte,
  title={Monte Carlo sampling methods using Markov chains and their applications},
  author={Hastings, W Keith},
  year={1970},
  publisher={Oxford University Press}
}
@book{gelman1995bayesian,
  title={Bayesian data analysis},
  author={Gelman, Andrew and Carlin, John B and Stern, Hal S and Rubin, Donald B},
  year={1995},
  publisher={Chapman and Hall/CRC}
}
@article{link2012thinning,
  title={On thinning of chains in MCMC},
  author={Link, William A and Eaton, Mitchell J},
  journal={Methods in Ecology and Evolution},
  volume={3},
  number={1},
  pages={112--115},
  year={2012},
  publisher={Wiley Online Library}
}
@article{laubscher1961stabilizing,
  title={On stabilizing the binomial and negative binomial variances},
  author={Laubscher, Nico F},
  journal={Journal of the American Statistical Association},
  volume={56},
  number={293},
  pages={143--150},
  year={1961},
  publisher={Taylor \& Francis}
}
@article{cheng2019combined,
  title={Combined use of metagenomic sequencing and host response profiling for the diagnosis of suspected sepsis},
  author={Cheng, Henry K and Tan, Susanna K and Sweeney, Timothy E and Jeganathan, Pratheepa and Briese, Thomas and Khadka, Veda and Strouts, Fiona and Thair, Simone and Dalai, Sudeb and Hitchcock, Matthew and others},
  journal={BioRxiv},
  pages={854182},
  year={2019},
  publisher={Cold Spring Harbor Laboratory}
}

@article{anders2010differential,
	title={Differential expression analysis for sequence count data},
	author={Anders, Simon and Huber, Wolfgang},
	journal={Nature Precedings},
	pages={1--1},
	year={2010},
	publisher={Nature Publishing Group}
}
